%% This BibTeX bibliography file was created using BibDesk.
%% https://bibdesk.sourceforge.io/

%% Created for Mike Frank at 2025-09-23 11:45:27 -0700 


%% Saved with string encoding Unicode (UTF-8) 



@article{frick2013,
	author = {Frick, Andrea and Hansen, Melissa A and Newcombe, Nora S},
	date-added = {2025-09-23 11:43:59 -0700},
	date-modified = {2025-09-23 11:43:59 -0700},
	journal = {Cognitive Development},
	number = {4},
	pages = {386--399},
	publisher = {Elsevier},
	title = {Development of mental rotation in 3-to 5-year-old children},
	volume = {28},
	year = {2013}}

@article{xie2020,
	author = {Xie, Fang and Zhang, Li and Chen, Xu and Xin, Ziqiang},
	date-added = {2025-09-23 11:42:37 -0700},
	date-modified = {2025-09-23 11:42:38 -0700},
	journal = {Educational Psychology Review},
	number = {1},
	pages = {113--155},
	publisher = {Springer},
	title = {Is spatial ability related to mathematical ability: A meta-analysis},
	volume = {32},
	year = {2020}}

@article{sotomayor-enriquez2024,
	author = {Sotomayor-Enriquez, Koraima and Gweon, Hyowon and Saxe, Rebecca and Richardson, Hilary},
	date-added = {2025-09-23 11:02:20 -0700},
	date-modified = {2025-09-23 11:02:23 -0700},
	journal = {Data in brief},
	pages = {109905},
	publisher = {Elsevier},
	title = {Open dataset of theory of mind reasoning in early to middle childhood},
	volume = {52},
	year = {2024}}

@article{heise2025,
	author = {Heise, Megan J and Bowman, Lindsay C},
	date-added = {2025-09-23 11:01:26 -0700},
	date-modified = {2025-09-23 11:01:29 -0700},
	journal = {Child Development},
	number = {5},
	pages = {1787--1806},
	publisher = {Wiley Online Library},
	title = {The Comprehensive Assessment of Theory of Mind (CAT): A Novel Measure of 3-to 8-Year-Old Children's Theory of Mind and an Evaluation of Mental-State Scaling},
	volume = {96},
	year = {2025}}

@article{wright2014,
	author = {Wright, Andy and Diamond, Adele},
	date-added = {2025-09-23 10:51:04 -0700},
	date-modified = {2025-09-23 10:51:06 -0700},
	journal = {Frontiers in psychology},
	pages = {213},
	publisher = {Frontiers Media SA},
	title = {An effect of inhibitory load in children while keeping working memory load constant},
	volume = {5},
	year = {2014}}

@article{davidson2006,
	author = {Davidson, Matthew C and Amso, Dima and Anderson, Loren Cruess and Diamond, Adele},
	date-added = {2025-09-23 10:50:23 -0700},
	date-modified = {2025-09-23 10:50:25 -0700},
	journal = {Neuropsychologia},
	number = {11},
	pages = {2037--2078},
	publisher = {Elsevier},
	title = {Development of cognitive control and executive functions from 4 to 13 years: Evidence from manipulations of memory, inhibition, and task switching},
	volume = {44},
	year = {2006}}

@article{willoughby2011,
	author = {Willoughby, Michael T and Wirth, RJ and Blair, Clancy B},
	date-added = {2025-09-23 10:49:36 -0700},
	date-modified = {2025-09-23 10:49:39 -0700},
	journal = {Journal of experimental child psychology},
	number = {3},
	pages = {414--435},
	publisher = {Elsevier},
	title = {Contributions of modern measurement theory to measuring executive function in early childhood: An empirical demonstration},
	volume = {108},
	year = {2011}}

@article{jacques2001,
	author = {Jacques, Sophie and Zelazo, Philip David},
	date-added = {2025-09-23 10:46:49 -0700},
	date-modified = {2025-09-23 10:46:51 -0700},
	journal = {Developmental neuropsychology},
	number = {3},
	pages = {573--591},
	publisher = {Taylor \& Francis},
	title = {The Flexible Item Selection Task (FIST): A measure of executive function in preschoolers},
	volume = {20},
	year = {2001}}

@article{roth2015,
	author = {Roth, Bettina and Becker, Nicolas and Romeyke, Sara and Sch{\"a}fer, Sarah and Domnick, Florian and Spinath, Frank M},
	date-added = {2025-09-23 10:43:06 -0700},
	date-modified = {2025-09-23 10:43:06 -0700},
	journal = {Intelligence},
	pages = {118--137},
	publisher = {Elsevier},
	title = {Intelligence and school grades: A meta-analysis},
	volume = {53},
	year = {2015}}

@article{chierchia2019,
	author = {Chierchia, Gabriele and Fuhrmann, Delia and Knoll, Lisa J and Pi-Sunyer, Blanca Piera and Sakhardande, Ashok L and Blakemore, Sarah-Jayne},
	date-added = {2025-09-23 10:39:53 -0700},
	date-modified = {2025-09-23 10:39:55 -0700},
	journal = {Royal Society open science},
	number = {10},
	pages = {190232},
	publisher = {The Royal Society},
	title = {The matrix reasoning item bank (MaRs-IB): Novel, open-access abstract reasoning items for adolescents and adults},
	volume = {6},
	year = {2019}}

@article{platas2014,
	author = {Platas, Linda M and Ketterlin-Gellar, L and Brombacher, Aarnout and Sitabkhan, Yasmin},
	date-added = {2025-09-23 10:37:50 -0700},
	date-modified = {2025-09-23 10:37:51 -0700},
	journal = {RTI International, Research Triangle Park, NC},
	title = {Early grade mathematics assessment (EGMA) toolkit},
	year = {2014}}

@article{de-leeuw2015,
	author = {De Leeuw, Joshua R},
	date-added = {2025-09-23 10:31:38 -0700},
	date-modified = {2025-09-23 10:32:17 -0700},
	journal = {Behavior research methods},
	number = {1},
	pages = {1--12},
	publisher = {Springer},
	title = {jsPsych: A JavaScript library for creating behavioral experiments in a Web browser},
	volume = {47},
	year = {2015}}

@article{richter2019early,
	author = {Richter, Linda and Black, Maureen and Britto, Pia and Daelmans, Bernadette and Desmond, Chris and Devercelli, Amanda and Dua, Tarun and Fink, G{\"u}nther and Heymann, Jody and Lombardi, Joan and others},
	date-added = {2025-09-23 10:24:43 -0700},
	date-modified = {2025-09-23 10:24:43 -0700},
	journal = {BMJ global health},
	number = {Suppl 4},
	publisher = {BMJ Publishing Group Ltd},
	title = {Early childhood development: an imperative for action and measurement at scale},
	volume = {4},
	year = {2019}}

@article{singh2023diversity,
	author = {Singh, Leher and Cristia, Alejandrina and Karasik, Lana B and Rajendra, Sarah J and Oakes, Lisa M},
	date-added = {2025-09-23 10:22:48 -0700},
	date-modified = {2025-09-23 10:22:48 -0700},
	journal = {Infancy},
	number = {4},
	pages = {708--737},
	publisher = {Wiley Online Library},
	title = {Diversity and representation in infant research: Barriers and bridges toward a globalized science of infant development},
	volume = {28},
	year = {2023}}

@article{kidd2022diverse,
	author = {Kidd, Evan and Garcia, Rowena},
	date-added = {2025-09-23 10:22:26 -0700},
	date-modified = {2025-09-23 10:22:26 -0700},
	journal = {First Language},
	number = {6},
	pages = {703--735},
	publisher = {Sage Publications Sage UK: London, England},
	title = {How diverse is child language acquisition research?},
	volume = {42},
	year = {2022}}

@article{aboud2015global,
	author = {Aboud, Frances E and Yousafzai, Aisha K},
	date-added = {2025-09-23 10:21:27 -0700},
	date-modified = {2025-09-23 10:21:27 -0700},
	journal = {Annual review of psychology},
	number = {1},
	pages = {433--457},
	publisher = {Annual Reviews},
	title = {Global health and development in early childhood},
	volume = {66},
	year = {2015}}

@article{masten2014global,
	author = {Masten, Ann S},
	date-added = {2025-09-23 10:20:40 -0700},
	date-modified = {2025-09-23 10:20:40 -0700},
	journal = {Child development},
	number = {1},
	pages = {6--20},
	publisher = {Wiley Online Library},
	title = {Global perspectives on resilience in children and youth},
	volume = {85},
	year = {2014}}

@article{grantham2007developmental,
	author = {Grantham-McGregor, Sally and Cheung, Yin Bun and Cueto, Santiago and Glewwe, Paul and Richter, Linda and Strupp, Barbara},
	date-added = {2025-09-23 10:19:28 -0700},
	date-modified = {2025-09-23 10:19:28 -0700},
	journal = {The lancet},
	number = {9555},
	pages = {60--70},
	publisher = {Elsevier},
	title = {Developmental potential in the first 5 years for children in developing countries},
	volume = {369},
	year = {2007}}

@article{stoinski2024thingsplus,
	author = {Stoinski, Laura M and Perkuhn, Jonas and Hebart, Martin N},
	journal = {Behavior Research Methods},
	number = {3},
	pages = {1583--1603},
	publisher = {Springer},
	title = {THINGSplus: New norms and metadata for the THINGS database of 1854 object concepts and 26,107 natural object images},
	volume = {56},
	year = {2024}}

@misc{long_ma_tan_silverman_frank_yeatman_2025,
	author = {Long, Bria and Ma, Wanjing A and Tan, Alvin W M and Silverman, Rebecca and Frank, Michael C and Yeatman, Jason D},
	doi = {10.31234/osf.io/nbj62_v1},
	month = {Aug},
	publisher = {PsyArXiv},
	title = {Developmental changes in the precision of visual concept knowledge},
	url = {osf.io/preprints/psyarxiv/nbj62_v1},
	year = {2025},
	bdsk-url-1 = {osf.io/preprints/psyarxiv/nbj62_v1},
	bdsk-url-2 = {https://doi.org/10.31234/osf.io/nbj62_v1}}

@article{hebart2019things,
	author = {Hebart, Martin N and Dickter, Adam H and Kidder, Alexis and Kwok, Wan Y and Corriveau, Anna and Van Wicklin, Caitlin and Baker, Chris I},
	journal = {PloS one},
	number = {10},
	pages = {e0223792},
	publisher = {Public Library of Science San Francisco, CA USA},
	title = {THINGS: A database of 1,854 object concepts and more than 26,000 naturalistic object images},
	volume = {14},
	year = {2019}}

@book{embretson2013,
	author = {Embretson, Susan E and Reise, Steven P},
	publisher = {Psychology Press},
	title = {Item response theory},
	year = {2013}}

@article{ahmed2019,
	author = {Ahmed, S. F. and Tang, S. and Waters, N. E. and Davis-Kean, P.},
	doi = {10.1037/edu0000296},
	journal = {Journal of Educational Psychology},
	number = {3},
	pages = {446--458},
	title = {Executive function and academic achievement: Longitudinal relations from early childhood to adolescence},
	volume = {111},
	year = {2019},
	bdsk-url-1 = {https://doi.org/10.1037/edu0000296}}

@article{asil2015,
	author = {Asil, M. and Brown, G. T. L.},
	doi = {10.1080/15305058.2015.1064431},
	journal = {International Journal of Testing},
	number = {1},
	pages = {71--93},
	title = {Comparing OECD PISA Reading in English to Other Languages: Identifying Potential Sources of Non-Invariance},
	volume = {16},
	year = {2015},
	bdsk-url-1 = {https://doi.org/10.1080/15305058.2015.1064431}}

@article{azevedo2021,
	author = {Azevedo, J.P. and Hasan, A. and Goldemberg, D. and Geven, K. and Iqbal, S.A.},
	journal = {The World Bank Research Observer},
	pages = {1--40},
	title = {Simulating the potential impacts of COVID-19 school closures on schooling and learning outcomes: A set of global estimates},
	volume = {36},
	year = {2021}}

@book{bishop1983,
	author = {Bishop, D. V.},
	publisher = {Published by the author and available from Age and Cognitive Performance Research Centre, University of Manchester},
	title = {Test for reception of grammar},
	year = {1983}}

@article{bourdon2005,
	author = {Bourdon, K. H. and Goodman, R. and Rae, D. S. and Simpson, G. and Koretz, D. S.},
	doi = {10.1097/01.chi.0000159157.57075.c8},
	journal = {Journal of the American Academy of Child & Adolescent Psychiatry},
	number = {6},
	pages = {557--564},
	title = {The Strengths and Difficulties Questionnaire: U.S. Normative Data and Psychometric Properties},
	volume = {44},
	year = {2005},
	bdsk-url-1 = {https://doi.org/10.1097/01.chi.0000159157.57075.c8}}

@article{breit2020,
	author = {Breit, M. and Brunner, M. and Preckel, F.},
	doi = {10.1037/dev0000876},
	journal = {Developmental Psychology},
	number = {2},
	pages = {364--384},
	title = {General intelligence and specific cognitive abilities in adolescence: Tests of age differentiation, ability differentiation, and their interaction in two large samples},
	volume = {56},
	year = {2020},
	bdsk-url-1 = {https://doi.org/10.1037/dev0000876}}

@article{bryan2021,
	author = {Bryan, C.J. and Tipton, E. and Yeager, D.S.},
	doi = {10.1038/s41562-021-01143-3},
	journal = {Nature Human Behavior},
	pages = {980--989},
	title = {Behavioural science is unlikely to change the world without a heterogeneity revolution},
	volume = {5},
	year = {2021},
	bdsk-url-1 = {https://doi.org/10.1038/s41562-021-01143-3}}

@article{call2024,
	author = {Call, C. C. and Boness, C. L. and Cargas, S. and Coakley, K. E.},
	doi = {10.1080/19320248.2024.2310485},
	journal = {Journal of Hunger & Environmental Nutrition},
	pages = {1--18},
	title = {Measuring Food Security in University Students: A Comparison of the USDA 10-Item and Six-Item Food Security Survey Modules},
	year = {2024},
	bdsk-url-1 = {https://doi.org/10.1080/19320248.2024.2310485}}

@article{callaghan2011,
	author = {Callaghan, T. and Moll, H. and Rakoczy, H. and Warneken, F. and Liszkowski, U. and Behne, T. and Tomasello, M.},
	doi = {10.1111/j.1540-5834.2011.00603.x},
	journal = {Monographs of the Society for Research in Child Development},
	number = {2},
	pages = {vii--viii, 1--142},
	title = {Early social cognition in three cultural contexts},
	volume = {76},
	year = {2011},
	bdsk-url-1 = {https://doi.org/10.1111/j.1540-5834.2011.00603.x}}

@misc{cao2024,
	author = {Cao, A. and Lewis, M. and Tsuji, S. and Bergmann, C. and Cristia, A. and Frank, M. C.},
	title = {Estimating age-related change in infants' linguistic and cognitive development using (meta-)meta-analysis},
	url = {https://doi.org/10.31234/osf.io/qd3cf},
	year = {2024},
	bdsk-url-1 = {https://doi.org/10.31234/osf.io/qd3cf}}

@article{cardenas2022,
	author = {C{\'a}rdenas, D. and Lattimore, F. and Steinberg, D. and Reynolds, K. J.},
	doi = {10.1038/s41598-022-05780-0},
	journal = {Scientific Reports},
	number = {1},
	pages = {2134},
	title = {Youth well-being predicts later academic success},
	volume = {12},
	year = {2022},
	bdsk-url-1 = {https://doi.org/10.1038/s41598-022-05780-0}}

@article{carstensen2019,
	author = {Carstensen, A. and Zhang, J. and Heyman, G. D. and Fu, G. and Lee, K. and Walker, C. M.},
	doi = {10.1073/pnas.1818365116},
	journal = {Proceedings of the National Academy of Sciences},
	number = {28},
	pages = {13891--13896},
	title = {Context shapes early diversity in abstract thought},
	volume = {116},
	year = {2019},
	bdsk-url-1 = {https://doi.org/10.1073/pnas.1818365116}}

@article{davis2005,
	author = {Davis-Kean, P. E.},
	doi = {10.1037/0893-3200.19.2.294},
	journal = {Journal of Family Psychology},
	number = {2},
	pages = {294--304},
	title = {The Influence of Parent Education and Family Income on Child Achievement: The Indirect Role of Parental Expectations and the Home Environment},
	volume = {19},
	year = {2005},
	bdsk-url-1 = {https://doi.org/10.1037/0893-3200.19.2.294}}

@article{dobbs2006,
	author = {Dobbs, J. and Doctoroff, G.L. and Fisher, P.H. and Arnold, D.H.},
	journal = {Journal of Applied Developmental Psychology},
	pages = {97--108},
	title = {The association between preschool children's socio-emotional functioning and their mathematical skills},
	volume = {27},
	year = {2006}}

@article{dornbusch1987,
	author = {Dornbusch, S. M. and Ritter, P. L. and Leiderman, P. H. and Roberts, D. F. and Fraleigh, M. J.},
	doi = {10.2307/1130618},
	journal = {Child Development},
	number = {5},
	pages = {1244--1257},
	title = {The Relation of Parenting Style to Adolescent School Performance},
	volume = {58},
	year = {1987},
	bdsk-url-1 = {https://doi.org/10.2307/1130618}}

@article{downey2014,
	author = {Downey, L. A. and Lomas, J. and Billings, C. and Hansen, K. and Stough, C.},
	doi = {10.1177/0829573513505411},
	journal = {Canadian Journal of School Psychology},
	number = {1},
	pages = {40--53},
	title = {Scholastic Success: Fluid Intelligence, Personality, and Emotional Intelligence},
	volume = {29},
	year = {2014},
	bdsk-url-1 = {https://doi.org/10.1177/0829573513505411}}

@article{ellis2022,
	author = {Ellis, B. J. and Abrams, L. S. and Masten, A. S. and Sternberg, R. J. and Tottenham, N. and Frankenhuis, W. E.},
	doi = {10.1017/S0954579420000887},
	journal = {Development and Psychopathology},
	number = {1},
	pages = {95--113},
	title = {Hidden talents in harsh environments},
	volume = {34},
	year = {2022},
	bdsk-url-1 = {https://doi.org/10.1017/S0954579420000887}}

@article{engzell2021,
	author = {Engzell, P. and Frey, A. and Verhagen, M.D.},
	journal = {Proceedings of the National Academy of Sciences},
	pages = {e2022376118},
	title = {Learning loss due to school closures during the COVID-19 pandemic},
	volume = {118},
	year = {2021}}

@article{essex2002,
	author = {Essex, M. J. and Boyce, W. T. and Goldstein, L. H. and Armstrong, J. M. and Kraemer, H. C. and Kupfer, D. J.},
	doi = {10.1097/00004583-200205000-00017},
	journal = {Journal of the American Academy of Child & Adolescent Psychiatry},
	number = {5},
	pages = {588--603},
	title = {The Confluence of Mental, Physical, Social, and Academic Difficulties in Middle Childhood. II: Developing the MacArthur Health and Behavior Questionnaire},
	volume = {41},
	year = {2002},
	bdsk-url-1 = {https://doi.org/10.1097/00004583-200205000-00017}}

@article{fendinger2023,
	author = {Fendinger, N. J. and Dietze, P. and Knowles, E. D.},
	doi = {10.1016/j.tics.2023.03.004},
	journal = {Trends in Cognitive Sciences},
	number = {6},
	pages = {528--538},
	title = {Beyond cognitive deficits: How social class shapes social cognition},
	volume = {27},
	year = {2023},
	bdsk-url-1 = {https://doi.org/10.1016/j.tics.2023.03.004}}

@article{fisher2015,
	author = {Fisher, H. L. and Caspi, A. and Moffitt, T. E. and Wertz, J. and Gray, R. and Newbury, J. and Ambler, A. and Zavos, H. and Danese, A. and Mill, J. and Odgers, C. L. and Pariante, C. and Wong, C. C. and Arseneault, L.},
	doi = {10.1017/S0954579415000838},
	journal = {Development and Psychopathology},
	number = {4 Pt 2},
	pages = {1399--1416},
	title = {Measuring adolescents' exposure to victimization: The Environmental Risk (E-Risk) Longitudinal Twin Study},
	volume = {27},
	year = {2015},
	bdsk-url-1 = {https://doi.org/10.1017/S0954579415000838}}

@article{forrest2018,
	author = {Forrest, C. B. and Meltzer, L. J. and Marcus, C. L. and de la Motte, A. and Kratchman, A. and Buysse, D. J. and others},
	journal = {Sleep},
	number = {6},
	title = {Development and Validation of the PROMIS Pediatric Sleep Disturbance and Sleep-Related Impairment Item Banks},
	volume = {41},
	year = {2018}}

@article{frank2017,
	author = {Frank, M. C. and Bergelson, E. and Bergmann, C. and Cristia, A. and Floccia, C. and Gervain, J. and Hamlin, J. K. and Hannon, E. E. and Kline, M. and Levelt, C. and Lew-Williams, C. and Nazzi, T. and Panneton, R. and Rabagliati, H. and Soderstrom, M. and Sullivan, J. and Waxman, S. and Yurovsky, D.},
	doi = {10.1111/infa.12182},
	journal = {Infancy},
	number = {4},
	pages = {421--435},
	title = {A Collaborative Approach to Infant Research: Promoting Reproducibility, Best Practices, and Theory-Building},
	volume = {22},
	year = {2017},
	bdsk-url-1 = {https://doi.org/10.1111/infa.12182}}

@book{frank2024,
	author = {Frank, M. C. and Braginsky, Mi. and Cachia, J. and Coles, N. A. and Hardwicke, T. E. and Hawkins, R. D. and Mathur, M. B. and Williams, R.},
	doi = {10.7551/mitpress/14810.001.0001},
	publisher = {MIT Press},
	title = {Experimentology: An Open Science Approach to Experimental Psychology Methods},
	year = {2024},
	bdsk-url-1 = {https://doi.org/10.7551/mitpress/14810.001.0001}}

@book{frank2021,
	author = {Frank, M. C. and Braginsky, Mi. and Yurovsky, D. and Marchman, V. A.},
	publisher = {MIT Press},
	title = {Variability and Consistency in Early Language Learning: The Wordbank Project},
	year = {2021}}

@article{frankenhuis2020strengths,
	author = {Frankenhuis, W. E. and Nettle, D.},
	doi = {10.1177/0963721419881154},
	journal = {Current Directions in Psychological Science},
	number = {1},
	pages = {16--21},
	title = {The Strengths of People in Poverty},
	volume = {29},
	year = {2020},
	bdsk-url-1 = {https://doi.org/10.1177/0963721419881154}}

@article{frankenhuis2020hidden,
	author = {Frankenhuis, W. E. and Young, E. S. and Ellis, B. J.},
	doi = {10.1016/j.tics.2020.03.007},
	journal = {Trends in Cognitive Sciences},
	number = {7},
	pages = {569--581},
	title = {The Hidden Talents Approach: Theoretical and Methodological Challenges},
	volume = {24},
	year = {2020},
	bdsk-url-1 = {https://doi.org/10.1016/j.tics.2020.03.007}}

@article{frick1999,
	author = {Frick, P. J. and Christian, R. E. and Wootton, J. M.},
	doi = {10.1177/0145445599231005},
	journal = {Behavior Modification},
	number = {1},
	pages = {106--128},
	title = {Age Trends in the Association between Parenting Practices and Conduct Problems},
	volume = {23},
	year = {1999},
	bdsk-url-1 = {https://doi.org/10.1177/0145445599231005}}

@article{garrett-peters2016,
	author = {Garrett-Peters, P. T. and Mokrova, I. and Vernon-Feagans, L. and Willoughby, M. and Pan, Y.},
	doi = {10.1016/j.ecresq.2016.02.004},
	journal = {Early Childhood Research Quarterly},
	pages = {16--25},
	title = {The role of household chaos in understanding relations between early poverty and children's academic achievement},
	volume = {37},
	year = {2016},
	bdsk-url-1 = {https://doi.org/10.1016/j.ecresq.2016.02.004}}

@article{gilmore2016,
	author = {Gilmore, R. O. and Adolph, K. E. and Millman, D. S. and Gordon, A.},
	journal = {Advances in Engineering Education},
	number = {2},
	title = {Transforming Education Research Through Open Video Data Sharing},
	url = {http://advances.asee.org/wp-content/uploads/vol05/issue02/Papers/AEE-18-Gilmore.pdf},
	volume = {5},
	year = {2016},
	bdsk-url-1 = {http://advances.asee.org/wp-content/uploads/vol05/issue02/Papers/AEE-18-Gilmore.pdf}}

@article{golding2001,
	author = {Golding, J. and Pembrey, M. and Jones, R. and ALSPAC Study Team},
	journal = {Paediatric and Perinatal Epidemiology},
	number = {1},
	pages = {74--87},
	title = {ALSPAC--the avon longitudinal study of parents and children},
	volume = {15},
	year = {2001}}

@article{goodman1997,
	author = {Goodman, R.},
	doi = {10.1111/j.1469-7610.1997.tb01545.x},
	journal = {Journal of Child Psychology and Psychiatry},
	number = {5},
	pages = {581--586},
	title = {The Strengths and Difficulties Questionnaire: A Research Note},
	volume = {38},
	year = {1997},
	bdsk-url-1 = {https://doi.org/10.1111/j.1469-7610.1997.tb01545.x}}

@article{green2017,
	author = {Green, C. T. and Bunge, S. A. and Chiongbian, V. B. and Barrow, M. and Ferrer, E.},
	doi = {10.1016/j.jecp.2016.12.005},
	journal = {Journal of Experimental Child Psychology},
	pages = {125--143},
	title = {Fluid reasoning predicts future mathematics among children and adolescents},
	volume = {157},
	year = {2017},
	bdsk-url-1 = {https://doi.org/10.1016/j.jecp.2016.12.005}}

@article{greenfield1997,
	author = {Greenfield, P. M.},
	journal = {American Psychologist},
	number = {10},
	pages = {1115},
	title = {You can't take it with you: Why ability assessments don't cross cultures},
	volume = {52},
	year = {1997}}

@article{hammer2018,
	author = {Hammer, D. and Melhuish, E. and Howard, S. J.},
	journal = {Archives of Scientific Psychology},
	title = {Antecedents and consequences of social--emotional development: A longitudinal study of academic achievement},
	url = {https://www.proquest.com/openview/d89d91a46581c2cc6e9d180686fab77b/1?pq-origsite=gscholar&cbl=2026478},
	volume = {6},
	year = {2018},
	bdsk-url-1 = {https://www.proquest.com/openview/d89d91a46581c2cc6e9d180686fab77b/1?pq-origsite=gscholar&cbl=2026478}}

@article{harden2013,
	author = {Harden, K. P. and Tucker-Drob, E. M. and Tackett, J. L.},
	doi = {10.1017/thg.2012.97},
	journal = {Twin Research and Human Genetics},
	number = {1},
	pages = {385--390},
	title = {The Texas Twin Project},
	volume = {16},
	year = {2013},
	bdsk-url-1 = {https://doi.org/10.1017/thg.2012.97}}

@article{hartung2018,
	author = {Hartung, J. and Doebler, P. and Schroeders, U. and Wilhelm, O.},
	doi = {10.1016/j.intell.2018.04.003},
	journal = {Intelligence},
	pages = {37--49},
	title = {Dedifferentiation and differentiation of intelligence in adults across age and years of education},
	volume = {69},
	year = {2018},
	bdsk-url-1 = {https://doi.org/10.1016/j.intell.2018.04.003}}

@article{heflin2022,
	author = {Heflin, C. and Darolia, R. and Kukla-Acevedo, S.},
	doi = {10.1093/socpro/spaa036},
	journal = {Social Problems},
	number = {2},
	pages = {453--469},
	title = {Exposure to Food Insecurity during Adolescence and Educational Attainment},
	volume = {69},
	year = {2022},
	bdsk-url-1 = {https://doi.org/10.1093/socpro/spaa036}}

@article{henrich2010,
	author = {Henrich, J. and Heine, S. J. and Norenzayan, A.},
	journal = {Behavioral and Brain Sciences},
	title = {The weirdest people in the world?},
	url = {https://www2.psych.ubc.ca/~henrich/pdfs/WeirdPeople.pdf},
	year = {2010},
	bdsk-url-1 = {https://www2.psych.ubc.ca/~henrich/pdfs/WeirdPeople.pdf}}

@article{hughes2015,
	author = {Hughes, C. and Devine, R. T.},
	doi = {10.1111/cdep.12124},
	journal = {Child Development Perspectives},
	number = {3},
	pages = {149--153},
	title = {Individual Differences in Theory of Mind From Preschool to Adolescence: Achievements and Directions},
	volume = {9},
	year = {2015},
	bdsk-url-1 = {https://doi.org/10.1111/cdep.12124}}

@misc{jacobs2023,
	author = {Jacobs Foundation White Paper},
	doi = {10.5281/zenodo.7753301},
	note = {Compiled by Tsang JM, Fetz-Fernandes G and Cubillo A},
	title = {Advancing Research on Learning Variability. Research Agenda},
	year = {2023},
	bdsk-url-1 = {https://doi.org/10.5281/zenodo.7753301}}

@article{janitza2020,
	author = {Janitza, S. and Klipker, K. and H{\"o}lling, H.},
	doi = {10.1007/s00787-019-01337-1},
	journal = {European Child & Adolescent Psychiatry},
	number = {2},
	pages = {123--136},
	title = {Age-specific norms and validation of the German SDQ parent version based on a nationally representative sample (KiGGS)},
	volume = {29},
	year = {2020},
	bdsk-url-1 = {https://doi.org/10.1007/s00787-019-01337-1}}

@article{juanespinosa2006,
	author = {Juan-Espinosa, M. and Cuevas, L. and Escorial, S. and Garc{\'\i}a, L. F.},
	doi = {10.3200/GNTP.167.1.5-15},
	journal = {The Journal of Genetic Psychology},
	number = {1},
	pages = {5--15},
	title = {Testing the indifferentiation hypothesis during childhood, adolescence, and adulthood},
	volume = {167},
	year = {2006},
	bdsk-url-1 = {https://doi.org/10.3200/GNTP.167.1.5-15}}

@article{klein2018,
	author = {Klein, R. A. and Vianello, M. and Hasselman, F. and Adams, B. G. and Adams, R. B., Jr. and Alper, S. and others},
	doi = {10.1177/2515245918810225},
	journal = {Advances in Methods and Practices in Psychological Science},
	number = {4},
	pages = {443--490},
	title = {Many labs 2: Investigating variation in replicability across samples and settings},
	volume = {1},
	year = {2018},
	bdsk-url-1 = {https://doi.org/10.1177/2515245918810225}}

@article{kidd2022,
	author = {Kidd, E. and Garcia, R.},
	journal = {First Language},
	pages = {1--33},
	title = {How diverse is child language acquisition research?},
	year = {2022}}

@article{kievit2013,
	author = {Kievit, R. A. and Frankenhuis, W. E. and Waldorp, L. J. and Borsboom, D.},
	doi = {10.3389/fpsyg.2013.00513},
	journal = {Frontiers in Psychology},
	pages = {Article 513},
	title = {Simpson's paradox in psychological science: A practical guide},
	volume = {4},
	year = {2013},
	bdsk-url-1 = {https://doi.org/10.3389/fpsyg.2013.00513}}

@article{koita2018,
	author = {Koita, K. and Long, D. and Hessler, D. and Benson, M. and Daley, K. and Bucci, M. and Thakur, N. and Burke Harris, N.},
	doi = {10.1371/journal.pone.0208088},
	journal = {PloS One},
	number = {12},
	pages = {e0208088},
	title = {Development and implementation of a pediatric adverse childhood experiences (ACEs) and other determinants of health questionnaire in the pediatric medical home: A pilot study},
	volume = {13},
	year = {2018},
	bdsk-url-1 = {https://doi.org/10.1371/journal.pone.0208088}}

@article{kuhn2024,
	author = {K{\"u}hn, S. and Gallinat, J.},
	journal = {Nature Mental Health},
	pages = {263--269},
	title = {Environmental neuroscience unravels the pathway from the physical environment to mental health},
	volume = {2},
	year = {2024}}

@article{kulke2018,
	author = {Kulke, L. and von Duhn, B. and Schneider, D. and Rakoczy, H.},
	doi = {10.1177/0956797617747090},
	journal = {Psychological Science},
	number = {6},
	pages = {888--900},
	title = {Is Implicit Theory of Mind a Real and Robust Phenomenon? Results From a Systematic Replication Study},
	volume = {29},
	year = {2018},
	bdsk-url-1 = {https://doi.org/10.1177/0956797617747090}}

@article{kulesz2024,
	author = {Kulesz, P. A. and Roberts, G. J. and Francis, D. J. and Cirino, P. and Walczak, M. and Vaughn, S.},
	doi = {10.1037/edu0000832},
	journal = {Journal of Educational Psychology},
	number = {3},
	pages = {363--376},
	title = {Latent profiles as predictors of response to instruction for students with reading difficulties},
	volume = {116},
	year = {2024},
	bdsk-url-1 = {https://doi.org/10.1037/edu0000832}}

@article{lansford2011,
	author = {Lansford, J. E. and Bornstein, M. H.},
	doi = {10.1080/15295192.2011.585552},
	journal = {Parenting},
	number = {2--3},
	pages = {87--101},
	title = {Parenting Attributions and Attitudes in Diverse Cultural Contexts: Introduction to the Special Issue},
	volume = {11},
	year = {2011},
	bdsk-url-1 = {https://doi.org/10.1080/15295192.2011.585552}}

@article{lansford2005,
	author = {Lansford, J. E. and Chang, L. and Dodge, K. A. and Malone, P. S. and Oburu, P. and Palm{\'e}rus, K. and Bacchini, D. and Pastorelli, C. and Bombi, A. S. and Zelli, A. and Tapanya, S. and Chaudhary, N. and Deater-Deckard, K. and Manke, B. and Quinn, N.},
	doi = {10.1111/j.1467-8624.2005.00847.x},
	journal = {Child Development},
	pages = {1234--1246},
	title = {Physical discipline and children's adjustment: Cultural normativeness as a moderator},
	volume = {76},
	year = {2005},
	bdsk-url-1 = {https://doi.org/10.1111/j.1467-8624.2005.00847.x}}

@article{lansford2023,
	author = {Lansford, J. E. and Odgers, C. L. and Bradley, R. H. and Godwin, J. and Copeland, W. E. and Rothenberg, W. A. and Dodge, K. A.},
	doi = {10.1037/pas0001183},
	journal = {Psychological Assessment},
	number = {1},
	pages = {1--11},
	title = {The HOME-21: A revised measure of the home environment for the 21st century tested in two independent samples},
	volume = {35},
	year = {2023},
	bdsk-url-1 = {https://doi.org/10.1037/pas0001183}}

@article{lervag2009,
	author = {Lerv{\aa}g, A. and Br{\aa}ten, I. and Hulme, C.},
	doi = {10.1037/a0014132},
	journal = {Developmental Psychology},
	number = {3},
	pages = {764--781},
	title = {The cognitive and linguistic foundations of early reading development: A Norwegian latent variable longitudinal study},
	volume = {45},
	year = {2009},
	bdsk-url-1 = {https://doi.org/10.1037/a0014132}}

@article{mabbott2003,
	author = {Mabbott, D. J. and Bisanz, J.},
	doi = {10.1111/1467-8624.00594},
	journal = {Child Development},
	number = {4},
	pages = {1091--1107},
	title = {Developmental Change and Individual Differences in Children's Multiplication},
	volume = {74},
	year = {2003},
	bdsk-url-1 = {https://doi.org/10.1111/1467-8624.00594}}

@book{macwhinney2000,
	author = {MacWhinney, B.},
	edition = {Third Edition},
	publisher = {Lawrence Erlbaum Associates},
	title = {The CHILDES Project: Tools for Analyzing Talk},
	year = {2000}}

@article{manolitsis2013,
	author = {Manolitsis, G. and Georgiou, G. K. and Tziraki, N.},
	doi = {10.1016/j.ecresq.2013.05.004},
	journal = {Early Childhood Research Quarterly},
	number = {4},
	pages = {692--703},
	title = {Examining the effects of home literacy and numeracy environment on early reading and math acquisition},
	volume = {28},
	year = {2013},
	bdsk-url-1 = {https://doi.org/10.1016/j.ecresq.2013.05.004}}

@article{marchman2008,
	author = {Marchman, V. A. and Fernald, A.},
	doi = {10.1111/j.1467-7687.2008.00671.x},
	journal = {Developmental Science},
	number = {3},
	pages = {F9--F16},
	title = {Speed of word recognition and vocabulary knowledge in infancy predict cognitive and language outcomes in later childhood},
	volume = {11},
	year = {2008},
	bdsk-url-1 = {https://doi.org/10.1111/j.1467-7687.2008.00671.x}}

@article{matheny1995,
	author = {Matheny, A. P. and Wachs, T. D. and Ludwig, J. L. and Phillips, K.},
	doi = {10.1016/0193-3973(95)90028-4},
	journal = {Journal of Applied Developmental Psychology},
	number = {3},
	pages = {429--444},
	title = {Bringing order out of chaos: Psychometric characteristics of the confusion, hubbub, and order scale},
	volume = {16},
	year = {1995},
	bdsk-url-1 = {https://doi.org/10.1016/0193-3973(95)90028-4}}

@article{mcgregor2020,
	author = {McGregor, K. K.},
	journal = {Language, Speech, and Hearing Services in Schools},
	number = {4},
	pages = {981--992},
	title = {How we fail children with developmental language disorder},
	volume = {51},
	year = {2020}}

@article{micalizzi2019,
	author = {Micalizzi, L. and Brick, L. A. and Flom, M. and Ganiban, J. M. and Saudino, K. J.},
	doi = {10.1016/j.ecresq.2019.01.007},
	journal = {Early Childhood Research Quarterly},
	pages = {331--340},
	title = {Effects of socioeconomic status and executive function on school readiness across levels of household chaos},
	volume = {47},
	year = {2019},
	bdsk-url-1 = {https://doi.org/10.1016/j.ecresq.2019.01.007}}

@article{milburn2019,
	author = {Milburn, T. F. and Lonigan, C. J. and DeFlorio, L. and Klein, A.},
	journal = {Early Childhood Research Quarterly},
	pages = {487--495},
	title = {Dimensionality of preschoolers' informal mathematical abilities},
	volume = {47},
	year = {2019}}

@article{minh2017,
	author = {Minh, A. and Muhajarine, N. and Janus, M. and Brownell, M. and Guhn, M.},
	doi = {10.1016/j.healthplace.2017.04.012},
	journal = {Health & Place},
	pages = {155--174},
	title = {A review of neighborhood effects and early child development: How, where, and for whom, do neighborhoods matter?},
	volume = {46},
	year = {2017},
	bdsk-url-1 = {https://doi.org/10.1016/j.healthplace.2017.04.012}}

@article{moffitt2011,
	author = {Moffitt, T. E. and Arseneault, L. and Belsky, D. and Dickson, N. and Hancox, R. J. and Harrington, H. and Houts, R. and Poulton, R. and Roberts, B. W. and Ross, S. and Sears, M. R. and Thomson, W. M. and Caspi, A.},
	doi = {10.1073/pnas.1010076108},
	journal = {Proceedings of the National Academy of Sciences of the United States of America},
	number = {7},
	pages = {2693--2698},
	title = {A gradient of childhood self-control predicts health, wealth, and public safety},
	volume = {108},
	year = {2011},
	bdsk-url-1 = {https://doi.org/10.1073/pnas.1010076108}}

@article{murphey1992,
	author = {Murphey, D. A.},
	doi = {10.1016/0273-2297(92)90009-Q},
	journal = {Developmental Review},
	number = {2},
	pages = {199--232},
	title = {Constructing the child: Relations between parents' beliefs and child outcomes},
	volume = {12},
	year = {1992},
	bdsk-url-1 = {https://doi.org/10.1016/0273-2297(92)90009-Q}}

@article{napoli2018,
	author = {Napoli, A. R. and Purpura, D. J.},
	doi = {10.1016/j.jecp.2017.10.002},
	journal = {Journal of Experimental Child Psychology},
	pages = {581--603},
	title = {The home literacy and numeracy environment in preschool: Cross-domain relations of parent--child practices and child outcomes},
	volume = {166},
	year = {2018},
	bdsk-url-1 = {https://doi.org/10.1016/j.jecp.2017.10.002}}

@book{nasem2022,
	address = {Washington, DC},
	author = {{National Academies of Sciences, Engineering, and Medicine}},
	doi = {10.17226/26424},
	publisher = {The National Academies Press},
	title = {Measuring Sex, Gender Identity, and Sexual Orientation},
	year = {2022},
	bdsk-url-1 = {https://doi.org/10.17226/26424}}

@article{nelson1981,
	author = {Nelson, K.},
	doi = {10.1037/0012-1649.17.2.170},
	journal = {Developmental Psychology},
	number = {2},
	pages = {170--187},
	title = {Individual differences in language development: Implications for development and language},
	volume = {17},
	year = {1981},
	bdsk-url-1 = {https://doi.org/10.1037/0012-1649.17.2.170}}

@article{newbury2023,
	author = {Newbury, D. F. and Mesa, C. and Puglisi, M. and Nash, M. and Nag, S. and Hulme, C. and Snowling, M. J.},
	journal = {Research Papers in Education},
	number = {6},
	pages = {966--986},
	title = {Challenges for implementation in diverse settings: Reflections on two randomised controlled trials of educational interventions in South American communities},
	volume = {38},
	year = {2023}}

@article{nielsen2017,
	author = {Nielsen, M. and Haun, D. and K{\"a}rtner, J. and Legare, C. H.},
	doi = {10.1016/j.jecp.2017.04.017},
	journal = {Journal of Experimental Child Psychology},
	pages = {31--38},
	title = {The persistent sampling bias in developmental psychology: A call to action},
	volume = {162},
	year = {2017},
	bdsk-url-1 = {https://doi.org/10.1016/j.jecp.2017.04.017}}

@article{norbury2016,
	author = {Norbury, C. F. and Gooch, D. and Baird, G. and Charman, T. and Simonoff, E. and Pickles, A.},
	journal = {Journal of Child Psychology and Psychiatry},
	number = {1},
	pages = {65--73},
	title = {Younger children experience lower levels of language competence and academic progress in the first year of school: Evidence from a population study},
	volume = {57},
	year = {2016}}

@article{nussenbaum2022,
	author = {Nussenbaum, K. and Velez, J. A. and Washington, B. T. and Hamling, H. E. and Hartley, C. A.},
	doi = {10.1111/cdev.13791},
	journal = {Child Development},
	number = {5},
	pages = {1601--1615},
	title = {Flexibility in valenced reinforcement learning computations across development},
	volume = {93},
	year = {2022},
	bdsk-url-1 = {https://doi.org/10.1111/cdev.13791}}

@article{okagaki1998,
	author = {Okagaki, L. and Frensch, P. A.},
	doi = {10.3102/00028312035001123},
	journal = {American Educational Research Journal},
	number = {1},
	pages = {123--144},
	title = {Parenting and Children's School Achievement: A Multiethnic Perspective},
	volume = {35},
	year = {1998},
	bdsk-url-1 = {https://doi.org/10.3102/00028312035001123}}

@article{oliver2007,
	author = {Oliver, B. R. and Plomin, R.},
	doi = {10.1375/twin.10.1.96},
	journal = {Twin Research and Human Genetics: The Official Journal of the International Society for Twin Studies},
	number = {1},
	pages = {96--105},
	title = {Twins' Early Development Study (TEDS): A multivariate, longitudinal genetic investigation of language, cognition and behavior problems from childhood through adolescence},
	volume = {10},
	year = {2007},
	bdsk-url-1 = {https://doi.org/10.1375/twin.10.1.96}}

@article{pettit1991,
	author = {Pettit, G. S. and Harrist, A. W. and Bates, J. E. and Dodge, K. A.},
	doi = {10.1177/0265407591083005},
	journal = {Journal of Social and Personal Relationships},
	number = {3},
	pages = {383--402},
	title = {Family Interaction, Social Cognition and Children's Subsequent Relations with Peers at Kindergarten},
	volume = {8},
	year = {1991},
	bdsk-url-1 = {https://doi.org/10.1177/0265407591083005}}

@article{pind2003,
	author = {Pind, J. and Gunnarsd{\'o}ttir, E. K. and J{\'o}hannesson, H. S.},
	doi = {10.1016/S0191-8869(02)00058-2},
	journal = {Personality and Individual Differences},
	number = {3},
	pages = {375--386},
	title = {Raven's Standard Progressive Matrices: New school age norms and a study of the test's validity},
	volume = {34},
	year = {2003},
	bdsk-url-1 = {https://doi.org/10.1016/S0191-8869(02)00058-2}}

@book{roche1992,
	author = {Roche, A. F.},
	publisher = {Cambridge University Press},
	title = {Growth, maturation, and body composition: The Fels Longitudinal Study 1929-1991},
	year = {1992}}

@article{rodriguez2011,
	author = {Rodriguez, E. T. and Tamis-LeMonda, C. S.},
	doi = {10.1111/j.1467-8624.2011.01614.x},
	journal = {Child Development},
	number = {4},
	pages = {1058--1075},
	title = {Trajectories of the Home Learning Environment Across the First 5 Years: Associations With Children's Vocabulary and Literacy Skills at Prekindergarten},
	volume = {82},
	year = {2011},
	bdsk-url-1 = {https://doi.org/10.1111/j.1467-8624.2011.01614.x}}

@article{ruzek2020,
	author = {Ruzek, E. and Jirout, J. and Schenke, K. and Vitiello, V. and Whittaker, J. and Pianta, R.},
	doi = {10.1016/j.ecresq.2018.10.012},
	journal = {Early Childhood Research Quarterly},
	number = {2},
	pages = {55--66},
	title = {Using self-report surveys to measure PreK children's academic orientations: A psychometric evaluation},
	volume = {50},
	year = {2020},
	bdsk-url-1 = {https://doi.org/10.1016/j.ecresq.2018.10.012}}

@article{ryberg2020,
	author = {Ryberg, R. and Her, S. and Temkin, D. and Madill, R. and Kelley, C. and Thompson, J. and Gabriel, A.},
	doi = {10.1177/2332858420948024},
	journal = {AERA Open},
	number = {3},
	pages = {2332858420948024},
	title = {Measuring School Climate: Validating the Education Department School Climate Survey in a Sample of Urban Middle and High School Students},
	volume = {6},
	year = {2020},
	bdsk-url-1 = {https://doi.org/10.1177/2332858420948024}}

@article{sackes2011,
	author = {Sa{\c c}kes, M. and Trundle, K. C. and Bell, R. L. and O'Connell, A. A.},
	doi = {10.1002/tea.20395},
	journal = {Journal of Research in Science Teaching},
	number = {2},
	pages = {217--235},
	title = {The influence of early science experience in kindergarten on children's immediate and later science achievement: Evidence from the early childhood longitudinal study},
	volume = {48},
	year = {2011},
	bdsk-url-1 = {https://doi.org/10.1002/tea.20395}}

@article{schmiedek2020,
	author = {Schmiedek, F. and L{\"o}vd{\'e}n, M. and Oertzen, T. von and Lindenberger, U.},
	doi = {10.7287/peerj.preprints.27576v1},
	journal = {PeerJ Preprints},
	title = {Within-person structures of daily cognitive performance cannot be inferred from between-person structures of cognitive abilities},
	volume = {e27576v1},
	year = {2020},
	bdsk-url-1 = {https://doi.org/10.7287/peerj.preprints.27576v1}}

@article{schmitt2011,
	author = {Schmitt, S. A. and Simpson, A. M. and Friend, M.},
	doi = {10.1002/icd.733},
	journal = {Infant and Child Development},
	number = {6},
	pages = {409--431},
	title = {A longitudinal assessment of the home literacy environment and early language},
	volume = {20},
	year = {2011},
	bdsk-url-1 = {https://doi.org/10.1002/icd.733}}

@article{schneider2018,
	author = {Schneider, M. and Merz, S. and Stricker, J. and De Smedt, B. and Torbeyns, J. and Verschaffel, L. and Luwel, K.},
	doi = {10.1111/cdev.13068},
	journal = {Child Development},
	number = {5},
	pages = {1467--1484},
	title = {Associations of Number Line Estimation With Mathematical Competence: A Meta-analysis},
	volume = {89},
	year = {2018},
	bdsk-url-1 = {https://doi.org/10.1111/cdev.13068}}

@article{seefeldt1998,
	author = {Seefeldt, C. and Denton, K. and Galper, A. and Younoszai, T.},
	doi = {10.1086/461900},
	journal = {The Elementary School Journal},
	number = {4},
	pages = {339--349},
	title = {Former Head Start Parents' Characteristics, Perceptions of School Climate, and Involvement in Their Children's Education},
	volume = {98},
	year = {1998},
	bdsk-url-1 = {https://doi.org/10.1086/461900}}

@article{shelton1996,
	author = {Shelton, K. K. and Frick, P. J. and Wootton, J.},
	doi = {10.1207/s15374424jccp2503_8},
	journal = {Journal of Clinical Child Psychology},
	number = {3},
	pages = {317--329},
	title = {Assessment of parenting practices in families of elementary school-age children},
	volume = {25},
	year = {1996},
	bdsk-url-1 = {https://doi.org/10.1207/s15374424jccp2503_8}}

@article{shepard1971,
	author = {Shepard, R. N. and Metzler, J.},
	doi = {10.1126/science.171.3972.701},
	journal = {Science},
	number = {3972},
	pages = {701--703},
	title = {Mental rotation of three-dimensional objects},
	volume = {171},
	year = {1971},
	bdsk-url-1 = {https://doi.org/10.1126/science.171.3972.701}}

@article{singh2023,
	author = {Singh, L. and Cristia, A. and Karasik, L. B. and Rajendra, S. J. and Oakes, L. M.},
	doi = {10.1111/infa.12545},
	journal = {Infancy},
	number = {4},
	pages = {708--737},
	title = {Diversity and representation in infant research: Barriers and bridges toward a globalized science of infant development},
	volume = {28},
	year = {2023},
	bdsk-url-1 = {https://doi.org/10.1111/infa.12545}}

@article{smiley1994,
	author = {Smiley, P. A. and Dweck, C. S.},
	doi = {10.1111/j.1467-8624.1994.tb00845.x},
	journal = {Child Development},
	number = {6},
	pages = {1723--1743},
	title = {Individual Differences in Achievement Goals among Young Children},
	volume = {65},
	year = {1994},
	bdsk-url-1 = {https://doi.org/10.1111/j.1467-8624.1994.tb00845.x}}

@article{tebrinke2023,
	author = {te Brinke, L. W. and van de Groep, S. and van der Cruijsen, R. and Crone, E. A.},
	doi = {10.1111/jora.12827},
	journal = {Journal of Research on Adolescence},
	number = {2},
	pages = {575--590},
	title = {Variability and change in adolescents' prosocial behavior across multiple time scales},
	volume = {33},
	year = {2023},
	bdsk-url-1 = {https://doi.org/10.1111/jora.12827}}

@article{tomblin2006,
	author = {Tomblin, J. B. and Zhang, X.},
	journal = {Journal of Speech, Language, and Hearing Research},
	pages = {1193--1208},
	title = {The dimensionality of language ability in school-age children},
	volume = {49},
	year = {2006}}

@techreport{unicef2017,
	address = {New York, NY},
	author = {{UNICEF}},
	institution = {{United Nations Children's Fund}},
	title = {Bridge Fund Quarterly Activity Report},
	year = {2017}}

@article{volkow2018,
	author = {Volkow, N. D. and Koob, G. F. and Croyle, R. T. and Bianchi, D. W. and Gordon, J. A. and Koroshetz, W. J. and P{\'e}rez-Stable, E. J. and Riley, W. T. and Bloch, M. H. and Conway, K. and Deeds, B. G. and Dowling, G. J. and Grant, S. and Howlett, K. D. and Matochik, J. A. and Morgan, G. D. and Murray, M. M. and Noronha, A. and Spong, C. Y. and Weiss, S. R. B.},
	doi = {10.1016/j.dcn.2017.10.002},
	journal = {Developmental Cognitive Neuroscience},
	pages = {4--7},
	title = {The conception of the ABCD study: From substance use to a broad NIH collaboration},
	volume = {32},
	year = {2018},
	bdsk-url-1 = {https://doi.org/10.1016/j.dcn.2017.10.002}}

@article{waldfogel2010,
	author = {Waldfogel, J. and Craigie, T.-A. and Brooks-Gunn, J.},
	journal = {The Future of Children / Center for the Future of Children, the David and Lucile Packard Foundation},
	number = {2},
	pages = {87--112},
	title = {Fragile Families and Child Wellbeing},
	volume = {20},
	year = {2010}}

@article{ye2023,
	author = {Ye, M. and Hessler, D. and Ford, D. and Benson, M. and Koita, K. and Bucci, M. and Long, D. and Harris, N. B. and Thakur, N.},
	doi = {10.1186/s12887-023-04163-2},
	journal = {BMC Pediatrics},
	number = {1},
	pages = {367},
	title = {Pediatric ACEs and related life event screener (PEARLS) latent domains and child health in a safety-net primary care practice},
	volume = {23},
	year = {2023},
	bdsk-url-1 = {https://doi.org/10.1186/s12887-023-04163-2}}

@article{yeatman2021,
	author = {Yeatman, J. D. and Tang, K. A. and Donnelly, P. M. and Yablonski, M. and Ramamurthy, M. and Karipidis, I. I. and Caffarra, S. and Takada, M. E. and Kanopka, K. and Ben-Shachar, M. and Domingue, B. W.},
	doi = {10.1038/s41598-021-85907-x},
	journal = {Scientific Reports},
	number = {1},
	pages = {Article 1},
	title = {Rapid online assessment of reading ability},
	volume = {11},
	year = {2021},
	bdsk-url-1 = {https://doi.org/10.1038/s41598-021-85907-x}}

@article{zettersten2023,
	author = {Zettersten, M. and Yurovsky, D. and Xu, T. L. and Uner, S. and Tsui, A. S. T. and Schneider, R. M. and Saleh, A. N. and Meylan, S. C. and Marchman, V. and Mankewitz, J. and MacDonald, K. and Long, B. and Lewis, M. and Kachergis, G. and Handa, K. and deMayo, B. and Carstensen, A. and Braginsky, M. and Boyce, V. and Bhatt, N. and Bergey, C. A. and Frank, M. C.},
	doi = {10.3758/s13428-022-01906-4},
	journal = {Behavior Research Methods},
	pages = {2485--2500},
	title = {Peekbank: An open, large-scale repository for developmental eye-tracking data of children's word recognition},
	volume = {55},
	year = {2023},
	bdsk-url-1 = {https://doi.org/10.3758/s13428-022-01906-4}}

@article{zimet1990,
	author = {Zimet, G. D. and Powell, S. S. and Farley, G. K. and Werkman, S. and Berkoff, K. A.},
	doi = {10.1080/00223891.1990.9674095},
	journal = {Journal of Personality Assessment},
	number = {3--4},
	pages = {610--617},
	title = {Psychometric Characteristics of the Multidimensional Scale of Perceived Social Support},
	volume = {55},
	year = {1990},
	bdsk-url-1 = {https://doi.org/10.1080/00223891.1990.9674095}}
